<record xmlns="http://www.loc.gov/MARC21/slim" xmlns:xsi="http://www.w3.org/2001/XMLSchema-instance" xsi:schemaLocation="http://www.loc.gov/MARC21/slim http://www.loc.gov/standards/marcxml/schema/MARC21slim.xsd"><leader>00922cz   2200205n  4500</leader><controlfield tag="001">oca00849091 </controlfield><controlfield tag="005">20000510064246.0</controlfield><controlfield tag="008">830204n| acannaabn          |a aaa      </controlfield><datafield ind1=" " ind2=" " tag="010"><subfield code="a">n  82153080 </subfield></datafield><datafield ind1=" " ind2=" " tag="040"><subfield code="a">DLC</subfield><subfield code="b">eng</subfield><subfield code="c">DLC</subfield><subfield code="d">DLC</subfield><subfield code="d">OCoLC</subfield></datafield><datafield ind1="1" ind2=" " tag="100"><subfield code="a">Pollio, Gaius Asinius,</subfield><subfield code="d">76 B.C.-4 A.D.</subfield></datafield><datafield ind1="1" ind2=" " tag="400"><subfield code="a">Pollio, C. Asinius</subfield><subfield code="w">nnaa</subfield></datafield><datafield ind1="1" ind2=" " tag="400"><subfield code="a">Pollio, C. Asinius</subfield><subfield code="q">(Caius Asinius),</subfield><subfield code="d">76 B.C.-4 A.D.</subfield></datafield><datafield ind1="1" ind2=" " tag="400"><subfield code="a">Pollio, Asinius,</subfield><subfield code="d">76 B.C.-4 A.D.</subfield></datafield><datafield ind1="1" ind2=" " tag="400"><subfield code="a">Pollio, Caius Asinius,</subfield><subfield code="d">76 B.C.-4 A.D.</subfield></datafield><datafield ind1="1" ind2=" " tag="400"><subfield code="a">Asinius Pollio, Gaius,</subfield><subfield code="d">76 B.C.-4 A.D.</subfield></datafield><datafield ind1=" " ind2=" " tag="670"><subfield code="a">Encycl. Brit.</subfield><subfield code="b">(Pollio, Gaius Asinius; b. 76 B.C., Italy; d. A.D. 4, Tusculum; Roman orator, poet, and historian)</subfield></datafield><datafield ind1=" " ind2=" " tag="670"><subfield code="a">Oxford classical dict., 1970</subfield><subfield code="b">(Pollio, Gaius Asinius, b.76 B.C.; d. A.D. 4)</subfield></datafield><datafield ind1=" " ind2=" " tag="670"><subfield code="a">Chamber's biog. dict.</subfield><subfield code="b">(Pollio, Gaius Asinius; b. 76 B.C.; d. A.D. 4)</subfield></datafield><datafield ind1=" " ind2=" " tag="670"><subfield code="a">Webster's biog. dict.</subfield><subfield code="b">(Pollio, Gaius Asinius; b. 75 B.C.; d. A.D. 5)</subfield></datafield></record>